@article{fearonRationalistExplanationsWar1995,
  title = {Rationalist {{Explanations}} for {{War}}},
  author = {Fearon, James D.},
  year = {1995},
  journaltitle = {International Organization},
  volume = {49},
  pages = {379--414},
  eprint = {2706903},
  eprinttype = {jstor},
  number = {3}
}


